<record><leader>00000cas a22000007a 4500</leader><controlfield tag="001">9563394</controlfield><controlfield tag="008">830601d18681873mauwr ne      0    0eng d</controlfield><controlfield tag="009">3768</controlfield><datafield ind1=" " ind2=" " tag="010"><subfield code="a">sn 83020798 </subfield></datafield><datafield ind1=" " ind2=" " tag="040"><subfield code="a">NPX</subfield><subfield code="b">eng</subfield><subfield code="c">NPX</subfield><subfield code="d">NPU</subfield><subfield code="d">MGN</subfield><subfield code="d">OCLCQ</subfield></datafield><datafield ind1=" " ind2=" " tag="042"><subfield code="a">msc</subfield></datafield><datafield ind1=" " ind2=" " tag="043"><subfield code="a">n-us-ma</subfield></datafield><datafield ind1="0" ind2="0" tag="245"><subfield code="a">Middlesex County journal.</subfield></datafield><datafield ind1=" " ind2=" " tag="260"><subfield code="a">Woburn, Mass. :</subfield><subfield code="b">James M. Cooms,</subfield></datafield><datafield ind1=" " ind2=" " tag="300"><subfield code="a">v. ;</subfield><subfield code="c">61-69 cm.</subfield></datafield><datafield ind1=" " ind2=" " tag="310"><subfield code="a">Weekly</subfield></datafield><datafield ind1="0" ind2=" " tag="362"><subfield code="a">Vol. 17, no. 15 (Jan. 4, 1868)-v. 22, no. 52 (Sept. 13, 1873).</subfield></datafield><datafield ind1=" " ind2=" " tag="500"><subfield code="a">"Republican," &lt;1868-1869&gt;; "Independent, " &lt;1870-1873&gt;.</subfield></datafield><datafield ind1=" " ind2=" " tag="500"><subfield code="a">"Devoted to the local interests of Woburn, Winchester, Stoneham, Reading, North Reading, Wakefield, Wilmington, Burlington and Lexington."</subfield></datafield><datafield ind1=" " ind2=" " tag="500"><subfield code="a">Proprietors: James M. Cooms, Jan. 4-Mar. 21, 1868; Edgar Marchant, Mar. 28-Oct. 3, 1868; Henry C. Gray, Oct. 10, 1868-Aug. 13, 1870; John L. Parker, Aug. 20, 1870-1873.</subfield></datafield><datafield ind1=" " ind2=" " tag="530"><subfield code="a">Available on microfilm from Graphic Microfilm of New England.</subfield></datafield><datafield ind1=" " ind2=" " tag="500"><subfield code="a">Editors: James M. Cooms, Jan. 4-Mar. 21, 1868; Edgar Marchant, Mar. 28-Oct. 3, 1868; Henry C. Gray, Oct. 10, 1868-Aug. 13, 1870; J.L. Parker, Aug. 20, 1870-1873.</subfield></datafield><datafield ind1=" " ind2=" " tag="752"><subfield code="a">United States</subfield><subfield code="b">Massachusetts</subfield><subfield code="c">Middlesex</subfield><subfield code="d">Woburn.</subfield></datafield><datafield ind1="0" ind2="0" tag="780"><subfield code="t">Middlesex journal</subfield><subfield code="w">(DLC)sn 83020796</subfield></datafield><datafield ind1="0" ind2="0" tag="785"><subfield code="t">Woburn journal (Woburn, Mass. : 1873)</subfield><subfield code="w">(DLC)sn 83020799</subfield></datafield><datafield ind1=" " ind2=" " tag="936"><subfield code="a">1870 Sept. 24</subfield></datafield></record>